%YAML 1.1
%TAG !u! tag:unity3d.com,2011:
--- !u!1 &2848542059709709236
GameObject:
  m_ObjectHideFlags: 0
  m_CorrespondingSourceObject: {fileID: 0}
  m_PrefabInstance: {fileID: 0}
  m_PrefabAsset: {fileID: 0}
  serializedVersion: 6
  m_Component:
  - component: {fileID: 4600386669451869908}
  - component: {fileID: 2962899869057107767}
  - component: {fileID: 1819430949804199778}
  m_Layer: 5
  m_Name: Image
  m_TagString: Untagged
  m_Icon: {fileID: 0}
  m_NavMeshLayer: 0
  m_StaticEditorFlags: 0
  m_IsActive: 1
--- !u!224 &4600386669451869908
RectTransform:
  m_ObjectHideFlags: 0
  m_CorrespondingSourceObject: {fileID: 0}
  m_PrefabInstance: {fileID: 0}
  m_PrefabAsset: {fileID: 0}
  m_GameObject: {fileID: 2848542059709709236}
  m_LocalRotation: {x: 0, y: 0, z: 0, w: 1}
  m_LocalPosition: {x: 0, y: 0, z: 0}
  m_LocalScale: {x: 1, y: 1, z: 1}
  m_Children: []
  m_Father: {fileID: 3989372963813005460}
  m_RootOrder: 0
  m_LocalEulerAnglesHint: {x: 0, y: 0, z: 0}
  m_AnchorMin: {x: 0.5, y: 0.5}
  m_AnchorMax: {x: 0.5, y: 0.5}
  m_AnchoredPosition: {x: 0, y: 0}
  m_SizeDelta: {x: 100, y: 15}
  m_Pivot: {x: 0.5, y: 0.5}
--- !u!222 &2962899869057107767
CanvasRenderer:
  m_ObjectHideFlags: 0
  m_CorrespondingSourceObject: {fileID: 0}
  m_PrefabInstance: {fileID: 0}
  m_PrefabAsset: {fileID: 0}
  m_GameObject: {fileID: 2848542059709709236}
  m_CullTransparentMesh: 1
--- !u!114 &1819430949804199778
MonoBehaviour:
  m_ObjectHideFlags: 0
  m_CorrespondingSourceObject: {fileID: 0}
  m_PrefabInstance: {fileID: 0}
  m_PrefabAsset: {fileID: 0}
  m_GameObject: {fileID: 2848542059709709236}
  m_Enabled: 0
  m_EditorHideFlags: 0
  m_Script: {fileID: 11500000, guid: fe87c0e1cc204ed48ad3b37840f39efc, type: 3}
  m_Name: 
  m_EditorClassIdentifier: 
  m_Material: {fileID: 0}
  m_Color: {r: 0.10332859, g: 0.8113208, b: 0.16418147, a: 1}
  m_RaycastTarget: 1
  m_OnCullStateChanged:
    m_PersistentCalls:
      m_Calls: []
  m_Sprite: {fileID: 21300000, guid: 10adf80a43856d04bb666871bb63dc99, type: 3}
  m_Type: 3
  m_PreserveAspect: 0
  m_FillCenter: 1
  m_FillMethod: 0
  m_FillAmount: 1
  m_FillClockwise: 1
  m_FillOrigin: 0
  m_UseSpriteMesh: 0
  m_PixelsPerUnitMultiplier: 1
--- !u!1 &3858225023515194454
GameObject:
  m_ObjectHideFlags: 0
  m_CorrespondingSourceObject: {fileID: 0}
  m_PrefabInstance: {fileID: 0}
  m_PrefabAsset: {fileID: 0}
  serializedVersion: 6
  m_Component:
  - component: {fileID: 4882293094069677056}
  m_Layer: 0
  m_Name: ItemTransform
  m_TagString: Untagged
  m_Icon: {fileID: 0}
  m_NavMeshLayer: 0
  m_StaticEditorFlags: 0
  m_IsActive: 1
--- !u!4 &4882293094069677056
Transform:
  m_ObjectHideFlags: 0
  m_CorrespondingSourceObject: {fileID: 0}
  m_PrefabInstance: {fileID: 0}
  m_PrefabAsset: {fileID: 0}
  m_GameObject: {fileID: 3858225023515194454}
  m_LocalRotation: {x: 0, y: 0, z: 0, w: 1}
  m_LocalPosition: {x: -0.01, y: 2.011, z: 0.709}
  m_LocalScale: {x: 0.75, y: 0.75, z: 0.75}
  m_Children: []
  m_Father: {fileID: 7267992512824174270}
  m_RootOrder: 1
  m_LocalEulerAnglesHint: {x: 0, y: 0, z: 0}
--- !u!1 &7267992512824174260
GameObject:
  m_ObjectHideFlags: 0
  m_CorrespondingSourceObject: {fileID: 0}
  m_PrefabInstance: {fileID: 0}
  m_PrefabAsset: {fileID: 0}
  serializedVersion: 6
  m_Component:
  - component: {fileID: 7267992512824174270}
  - component: {fileID: 7267992512824174267}
  - component: {fileID: 2899021565072513186}
  - component: {fileID: 852853542193217291}
  m_Layer: 0
  m_Name: Player
  m_TagString: Untagged
  m_Icon: {fileID: 0}
  m_NavMeshLayer: 0
  m_StaticEditorFlags: 0
  m_IsActive: 1
--- !u!4 &7267992512824174270
Transform:
  m_ObjectHideFlags: 0
  m_CorrespondingSourceObject: {fileID: 0}
  m_PrefabInstance: {fileID: 0}
  m_PrefabAsset: {fileID: 0}
  m_GameObject: {fileID: 7267992512824174260}
  m_LocalRotation: {x: 0, y: 0, z: 0, w: 1}
  m_LocalPosition: {x: 0, y: 0, z: 0}
  m_LocalScale: {x: 1, y: 1, z: 1}
  m_Children:
  - {fileID: 9001513757148685291}
  - {fileID: 4882293094069677056}
  - {fileID: 1847833465853133890}
  - {fileID: 8212061922481341334}
  - {fileID: 6321885976999017154}
  - {fileID: 3989372963813005460}
  m_Father: {fileID: 0}
  m_RootOrder: 0
  m_LocalEulerAnglesHint: {x: 0, y: 0, z: 0}
--- !u!114 &7267992512824174267
MonoBehaviour:
  m_ObjectHideFlags: 0
  m_CorrespondingSourceObject: {fileID: 0}
  m_PrefabInstance: {fileID: 0}
  m_PrefabAsset: {fileID: 0}
  m_GameObject: {fileID: 7267992512824174260}
  m_Enabled: 1
  m_EditorHideFlags: 0
  m_Script: {fileID: 11500000, guid: 5d97b3616c489c541956e3a8b0542f56, type: 3}
  m_Name: 
  m_EditorClassIdentifier: 
  keySet:
    up: 273
    upAlt: 0
    down: 274
    left: 276
    leftAlt: 0
    right: 275
    dash: 305
    channeling: 0
    placeTake: 0
    switchPlayer: 0
  speed: 5
  DashCooldown: 0.5
  DashDuration: 0.1
  LastDash: -3.4028235e+38
  dashModifier: 3
  ItemAttachPoint: {fileID: 4882293094069677056}
  HeldItem: {fileID: 0}
  m_image: {fileID: 1819430949804199778}
  NetworkId: 0
--- !u!114 &2899021565072513186
MonoBehaviour:
  m_ObjectHideFlags: 0
  m_CorrespondingSourceObject: {fileID: 0}
  m_PrefabInstance: {fileID: 0}
  m_PrefabAsset: {fileID: 0}
  m_GameObject: {fileID: 7267992512824174260}
  m_Enabled: 1
  m_EditorHideFlags: 0
  m_Script: {fileID: 11500000, guid: cd726a5e03da407e81c416fd863c3a76, type: 3}
  m_Name: 
  m_EditorClassIdentifier: 
  NetworkId: 0
  NetworkedObjectType: 0
  SentState: 0
  Owner: 0
--- !u!143 &852853542193217291
CharacterController:
  m_ObjectHideFlags: 0
  m_CorrespondingSourceObject: {fileID: 0}
  m_PrefabInstance: {fileID: 0}
  m_PrefabAsset: {fileID: 0}
  m_GameObject: {fileID: 7267992512824174260}
  m_Material: {fileID: 0}
  m_IsTrigger: 0
  m_Enabled: 1
  serializedVersion: 2
  m_Height: 2.42
  m_Radius: 0.35
  m_SlopeLimit: 45
  m_StepOffset: 0.3
  m_SkinWidth: 0.08
  m_MinMoveDistance: 0.001
  m_Center: {x: 0, y: 1.22, z: 0}
--- !u!1 &7442496879773495180
GameObject:
  m_ObjectHideFlags: 0
  m_CorrespondingSourceObject: {fileID: 0}
  m_PrefabInstance: {fileID: 0}
  m_PrefabAsset: {fileID: 0}
  serializedVersion: 6
  m_Component:
  - component: {fileID: 9001513757148685291}
  - component: {fileID: 4629229527353111166}
  - component: {fileID: 6593405223951017854}
  - component: {fileID: 2008326703039471929}
  m_Layer: 0
  m_Name: Body
  m_TagString: Untagged
  m_Icon: {fileID: 0}
  m_NavMeshLayer: 0
  m_StaticEditorFlags: 0
  m_IsActive: 1
--- !u!4 &9001513757148685291
Transform:
  m_ObjectHideFlags: 0
  m_CorrespondingSourceObject: {fileID: 0}
  m_PrefabInstance: {fileID: 0}
  m_PrefabAsset: {fileID: 0}
  m_GameObject: {fileID: 7442496879773495180}
  m_LocalRotation: {x: -0, y: -0, z: -0, w: 1}
  m_LocalPosition: {x: 0, y: 0.949, z: 0}
  m_LocalScale: {x: 0.2, y: 0.2, z: 0.2}
  m_Children: []
  m_Father: {fileID: 7267992512824174270}
  m_RootOrder: 0
  m_LocalEulerAnglesHint: {x: 0, y: 0, z: 0}
--- !u!33 &4629229527353111166
MeshFilter:
  m_ObjectHideFlags: 0
  m_CorrespondingSourceObject: {fileID: 0}
  m_PrefabInstance: {fileID: 0}
  m_PrefabAsset: {fileID: 0}
  m_GameObject: {fileID: 7442496879773495180}
  m_Mesh: {fileID: -2432090755550338912, guid: 4dab44743c7c94043855d0a7208ca5c5, type: 3}
--- !u!23 &6593405223951017854
MeshRenderer:
  m_ObjectHideFlags: 0
  m_CorrespondingSourceObject: {fileID: 0}
  m_PrefabInstance: {fileID: 0}
  m_PrefabAsset: {fileID: 0}
  m_GameObject: {fileID: 7442496879773495180}
  m_Enabled: 0
  m_CastShadows: 1
  m_ReceiveShadows: 1
  m_DynamicOccludee: 1
  m_MotionVectors: 1
  m_LightProbeUsage: 1
  m_ReflectionProbeUsage: 1
  m_RayTracingMode: 2
  m_RenderingLayerMask: 1
  m_RendererPriority: 0
  m_Materials:
  - {fileID: 2100000, guid: e29c5a55db9a22d41a5e2f839beeef15, type: 2}
  m_StaticBatchInfo:
    firstSubMesh: 0
    subMeshCount: 0
  m_StaticBatchRoot: {fileID: 0}
  m_ProbeAnchor: {fileID: 0}
  m_LightProbeVolumeOverride: {fileID: 0}
  m_ScaleInLightmap: 1
  m_ReceiveGI: 1
  m_PreserveUVs: 0
  m_IgnoreNormalsForChartDetection: 0
  m_ImportantGI: 0
  m_StitchLightmapSeams: 1
  m_SelectedEditorRenderState: 3
  m_MinimumChartSize: 4
  m_AutoUVMaxDistance: 0.5
  m_AutoUVMaxAngle: 89
  m_LightmapParameters: {fileID: 0}
  m_SortingLayerID: 0
  m_SortingLayer: 0
  m_SortingOrder: 0
--- !u!136 &2008326703039471929
CapsuleCollider:
  m_ObjectHideFlags: 0
  m_CorrespondingSourceObject: {fileID: 0}
  m_PrefabInstance: {fileID: 0}
  m_PrefabAsset: {fileID: 0}
  m_GameObject: {fileID: 7442496879773495180}
  m_Material: {fileID: 0}
  m_IsTrigger: 0
  m_Enabled: 0
  m_Radius: 1.7400001
  m_Height: 10.674328
  m_Direction: 1
  m_Center: {x: 0, y: 0.61123073, z: -0.0869602}
--- !u!1 &7641668201498855268
GameObject:
  m_ObjectHideFlags: 0
  m_CorrespondingSourceObject: {fileID: 0}
  m_PrefabInstance: {fileID: 0}
  m_PrefabAsset: {fileID: 0}
  serializedVersion: 6
  m_Component:
  - component: {fileID: 3989372963813005460}
  - component: {fileID: 9176382734162550802}
  - component: {fileID: 3965266709565444316}
  - component: {fileID: 630902605273055849}
  m_Layer: 5
  m_Name: Canvas
  m_TagString: Untagged
  m_Icon: {fileID: 0}
  m_NavMeshLayer: 0
  m_StaticEditorFlags: 0
  m_IsActive: 1
--- !u!224 &3989372963813005460
RectTransform:
  m_ObjectHideFlags: 0
  m_CorrespondingSourceObject: {fileID: 0}
  m_PrefabInstance: {fileID: 0}
  m_PrefabAsset: {fileID: 0}
  m_GameObject: {fileID: 7641668201498855268}
  m_LocalRotation: {x: 0, y: 0, z: 0, w: 1}
  m_LocalPosition: {x: 0, y: 0, z: 0}
  m_LocalScale: {x: 0, y: 0, z: 0}
  m_Children:
  - {fileID: 4600386669451869908}
  m_Father: {fileID: 7267992512824174270}
  m_RootOrder: 5
  m_LocalEulerAnglesHint: {x: 0, y: 0, z: 0}
  m_AnchorMin: {x: 0, y: 0}
  m_AnchorMax: {x: 0, y: 0}
  m_AnchoredPosition: {x: 0, y: 0}
  m_SizeDelta: {x: 0, y: 0}
  m_Pivot: {x: 0, y: 0}
--- !u!223 &9176382734162550802
Canvas:
  m_ObjectHideFlags: 0
  m_CorrespondingSourceObject: {fileID: 0}
  m_PrefabInstance: {fileID: 0}
  m_PrefabAsset: {fileID: 0}
  m_GameObject: {fileID: 7641668201498855268}
  m_Enabled: 1
  serializedVersion: 3
  m_RenderMode: 0
  m_Camera: {fileID: 0}
  m_PlaneDistance: 100
  m_PixelPerfect: 0
  m_ReceivesEvents: 1
  m_OverrideSorting: 0
  m_OverridePixelPerfect: 0
  m_SortingBucketNormalizedSize: 0
  m_AdditionalShaderChannelsFlag: 0
  m_SortingLayerID: 0
  m_SortingOrder: 0
  m_TargetDisplay: 0
--- !u!114 &3965266709565444316
MonoBehaviour:
  m_ObjectHideFlags: 0
  m_CorrespondingSourceObject: {fileID: 0}
  m_PrefabInstance: {fileID: 0}
  m_PrefabAsset: {fileID: 0}
  m_GameObject: {fileID: 7641668201498855268}
  m_Enabled: 1
  m_EditorHideFlags: 0
  m_Script: {fileID: 11500000, guid: 0cd44c1031e13a943bb63640046fad76, type: 3}
  m_Name: 
  m_EditorClassIdentifier: 
  m_UiScaleMode: 0
  m_ReferencePixelsPerUnit: 100
  m_ScaleFactor: 1
  m_ReferenceResolution: {x: 800, y: 600}
  m_ScreenMatchMode: 0
  m_MatchWidthOrHeight: 0
  m_PhysicalUnit: 3
  m_FallbackScreenDPI: 96
  m_DefaultSpriteDPI: 96
  m_DynamicPixelsPerUnit: 1
--- !u!114 &630902605273055849
MonoBehaviour:
  m_ObjectHideFlags: 0
  m_CorrespondingSourceObject: {fileID: 0}
  m_PrefabInstance: {fileID: 0}
  m_PrefabAsset: {fileID: 0}
  m_GameObject: {fileID: 7641668201498855268}
  m_Enabled: 1
  m_EditorHideFlags: 0
  m_Script: {fileID: 11500000, guid: dc42784cf147c0c48a680349fa168899, type: 3}
  m_Name: 
  m_EditorClassIdentifier: 
  m_IgnoreReversedGraphics: 1
  m_BlockingObjects: 0
  m_BlockingMask:
    serializedVersion: 2
    m_Bits: 4294967295
--- !u!1001 &1351481225525924312
PrefabInstance:
  m_ObjectHideFlags: 0
  serializedVersion: 2
  m_Modification:
    m_TransformParent: {fileID: 7267992512824174270}
    m_Modifications:
    - target: {fileID: -4216859302048453862, guid: d93c7eee705eeda4e9eb95c55c7f57e7,
        type: 3}
      propertyPath: m_LocalPosition.x
      value: 0
      objectReference: {fileID: 0}
    - target: {fileID: -4216859302048453862, guid: d93c7eee705eeda4e9eb95c55c7f57e7,
        type: 3}
      propertyPath: m_LocalPosition.y
      value: 1.09
      objectReference: {fileID: 0}
    - target: {fileID: -4216859302048453862, guid: d93c7eee705eeda4e9eb95c55c7f57e7,
        type: 3}
      propertyPath: m_LocalPosition.z
      value: 0.111
      objectReference: {fileID: 0}
    - target: {fileID: -4216859302048453862, guid: d93c7eee705eeda4e9eb95c55c7f57e7,
        type: 3}
      propertyPath: m_LocalRotation.x
      value: -0.7071068
      objectReference: {fileID: 0}
    - target: {fileID: -4216859302048453862, guid: d93c7eee705eeda4e9eb95c55c7f57e7,
        type: 3}
      propertyPath: m_LocalRotation.y
      value: 0
      objectReference: {fileID: 0}
    - target: {fileID: -4216859302048453862, guid: d93c7eee705eeda4e9eb95c55c7f57e7,
        type: 3}
      propertyPath: m_LocalRotation.z
      value: -0
      objectReference: {fileID: 0}
    - target: {fileID: -4216859302048453862, guid: d93c7eee705eeda4e9eb95c55c7f57e7,
        type: 3}
      propertyPath: m_LocalRotation.w
      value: 0.7071067
      objectReference: {fileID: 0}
    - target: {fileID: -4216859302048453862, guid: d93c7eee705eeda4e9eb95c55c7f57e7,
        type: 3}
      propertyPath: m_RootOrder
      value: 4
      objectReference: {fileID: 0}
    - target: {fileID: -4216859302048453862, guid: d93c7eee705eeda4e9eb95c55c7f57e7,
        type: 3}
      propertyPath: m_LocalEulerAnglesHint.x
      value: 0
      objectReference: {fileID: 0}
    - target: {fileID: -4216859302048453862, guid: d93c7eee705eeda4e9eb95c55c7f57e7,
        type: 3}
      propertyPath: m_LocalEulerAnglesHint.y
      value: 0
      objectReference: {fileID: 0}
    - target: {fileID: -4216859302048453862, guid: d93c7eee705eeda4e9eb95c55c7f57e7,
        type: 3}
      propertyPath: m_LocalEulerAnglesHint.z
      value: 0
      objectReference: {fileID: 0}
    - target: {fileID: -4216859302048453862, guid: d93c7eee705eeda4e9eb95c55c7f57e7,
        type: 3}
      propertyPath: m_LocalScale.x
      value: 30
      objectReference: {fileID: 0}
    - target: {fileID: -4216859302048453862, guid: d93c7eee705eeda4e9eb95c55c7f57e7,
        type: 3}
      propertyPath: m_LocalScale.y
      value: 30
      objectReference: {fileID: 0}
    - target: {fileID: -4216859302048453862, guid: d93c7eee705eeda4e9eb95c55c7f57e7,
        type: 3}
      propertyPath: m_LocalScale.z
      value: 30
      objectReference: {fileID: 0}
    - target: {fileID: -927199367670048503, guid: d93c7eee705eeda4e9eb95c55c7f57e7,
        type: 3}
      propertyPath: m_Name
      value: broom2
      objectReference: {fileID: 0}
    m_RemovedComponents: []
  m_SourcePrefab: {fileID: 100100000, guid: d93c7eee705eeda4e9eb95c55c7f57e7, type: 3}
--- !u!4 &6321885976999017154 stripped
Transform:
  m_CorrespondingSourceObject: {fileID: -4216859302048453862, guid: d93c7eee705eeda4e9eb95c55c7f57e7,
    type: 3}
  m_PrefabInstance: {fileID: 1351481225525924312}
  m_PrefabAsset: {fileID: 0}
--- !u!1001 &3786874183734700172
PrefabInstance:
  m_ObjectHideFlags: 0
  serializedVersion: 2
  m_Modification:
    m_TransformParent: {fileID: 7267992512824174270}
    m_Modifications:
    - target: {fileID: -4216859302048453862, guid: aa6529b6abfd85943a8f92f5990d1a3f,
        type: 3}
      propertyPath: m_LocalPosition.x
      value: 0
      objectReference: {fileID: 0}
    - target: {fileID: -4216859302048453862, guid: aa6529b6abfd85943a8f92f5990d1a3f,
        type: 3}
      propertyPath: m_LocalPosition.y
      value: 0.928
      objectReference: {fileID: 0}
    - target: {fileID: -4216859302048453862, guid: aa6529b6abfd85943a8f92f5990d1a3f,
        type: 3}
      propertyPath: m_LocalPosition.z
      value: -0.005
      objectReference: {fileID: 0}
    - target: {fileID: -4216859302048453862, guid: aa6529b6abfd85943a8f92f5990d1a3f,
        type: 3}
      propertyPath: m_LocalRotation.x
      value: -0.7071068
      objectReference: {fileID: 0}
    - target: {fileID: -4216859302048453862, guid: aa6529b6abfd85943a8f92f5990d1a3f,
        type: 3}
      propertyPath: m_LocalRotation.y
      value: 0
      objectReference: {fileID: 0}
    - target: {fileID: -4216859302048453862, guid: aa6529b6abfd85943a8f92f5990d1a3f,
        type: 3}
      propertyPath: m_LocalRotation.z
      value: 0
      objectReference: {fileID: 0}
    - target: {fileID: -4216859302048453862, guid: aa6529b6abfd85943a8f92f5990d1a3f,
        type: 3}
      propertyPath: m_LocalRotation.w
      value: 0.7071068
      objectReference: {fileID: 0}
    - target: {fileID: -4216859302048453862, guid: aa6529b6abfd85943a8f92f5990d1a3f,
        type: 3}
      propertyPath: m_RootOrder
      value: 3
      objectReference: {fileID: 0}
    - target: {fileID: -4216859302048453862, guid: aa6529b6abfd85943a8f92f5990d1a3f,
        type: 3}
      propertyPath: m_LocalEulerAnglesHint.x
      value: -90
      objectReference: {fileID: 0}
    - target: {fileID: -4216859302048453862, guid: aa6529b6abfd85943a8f92f5990d1a3f,
        type: 3}
      propertyPath: m_LocalEulerAnglesHint.y
      value: 0
      objectReference: {fileID: 0}
    - target: {fileID: -4216859302048453862, guid: aa6529b6abfd85943a8f92f5990d1a3f,
        type: 3}
      propertyPath: m_LocalEulerAnglesHint.z
      value: 0
      objectReference: {fileID: 0}
    - target: {fileID: -4216859302048453862, guid: aa6529b6abfd85943a8f92f5990d1a3f,
        type: 3}
      propertyPath: m_LocalScale.x
      value: 20
      objectReference: {fileID: 0}
    - target: {fileID: -4216859302048453862, guid: aa6529b6abfd85943a8f92f5990d1a3f,
        type: 3}
      propertyPath: m_LocalScale.y
      value: 20
      objectReference: {fileID: 0}
    - target: {fileID: -4216859302048453862, guid: aa6529b6abfd85943a8f92f5990d1a3f,
        type: 3}
      propertyPath: m_LocalScale.z
      value: 25
      objectReference: {fileID: 0}
    - target: {fileID: -927199367670048503, guid: aa6529b6abfd85943a8f92f5990d1a3f,
        type: 3}
      propertyPath: m_Name
      value: witch2
      objectReference: {fileID: 0}
    m_RemovedComponents: []
  m_SourcePrefab: {fileID: 100100000, guid: aa6529b6abfd85943a8f92f5990d1a3f, type: 3}
--- !u!4 &8212061922481341334 stripped
Transform:
  m_CorrespondingSourceObject: {fileID: -4216859302048453862, guid: aa6529b6abfd85943a8f92f5990d1a3f,
    type: 3}
  m_PrefabInstance: {fileID: 3786874183734700172}
  m_PrefabAsset: {fileID: 0}
--- !u!1001 &6691898734954475352
PrefabInstance:
  m_ObjectHideFlags: 0
  serializedVersion: 2
  m_Modification:
    m_TransformParent: {fileID: 7267992512824174270}
    m_Modifications:
    - target: {fileID: -4216859302048453862, guid: 15de0256a5496d347b1ee81e4716ea69,
        type: 3}
      propertyPath: m_LocalPosition.x
      value: 0
      objectReference: {fileID: 0}
    - target: {fileID: -4216859302048453862, guid: 15de0256a5496d347b1ee81e4716ea69,
        type: 3}
      propertyPath: m_LocalPosition.y
      value: 1.119
      objectReference: {fileID: 0}
    - target: {fileID: -4216859302048453862, guid: 15de0256a5496d347b1ee81e4716ea69,
        type: 3}
      propertyPath: m_LocalPosition.z
      value: 0
      objectReference: {fileID: 0}
    - target: {fileID: -4216859302048453862, guid: 15de0256a5496d347b1ee81e4716ea69,
        type: 3}
      propertyPath: m_LocalRotation.x
      value: -0.07515275
      objectReference: {fileID: 0}
    - target: {fileID: -4216859302048453862, guid: 15de0256a5496d347b1ee81e4716ea69,
        type: 3}
      propertyPath: m_LocalRotation.y
      value: 0
      objectReference: {fileID: 0}
    - target: {fileID: -4216859302048453862, guid: 15de0256a5496d347b1ee81e4716ea69,
        type: 3}
      propertyPath: m_LocalRotation.z
      value: 0
      objectReference: {fileID: 0}
    - target: {fileID: -4216859302048453862, guid: 15de0256a5496d347b1ee81e4716ea69,
        type: 3}
      propertyPath: m_LocalRotation.w
      value: 0.99717206
      objectReference: {fileID: 0}
    - target: {fileID: -4216859302048453862, guid: 15de0256a5496d347b1ee81e4716ea69,
        type: 3}
      propertyPath: m_RootOrder
      value: 2
      objectReference: {fileID: 0}
    - target: {fileID: -4216859302048453862, guid: 15de0256a5496d347b1ee81e4716ea69,
        type: 3}
      propertyPath: m_LocalEulerAnglesHint.x
      value: -8.62
      objectReference: {fileID: 0}
    - target: {fileID: -4216859302048453862, guid: 15de0256a5496d347b1ee81e4716ea69,
        type: 3}
      propertyPath: m_LocalEulerAnglesHint.y
      value: 0
      objectReference: {fileID: 0}
    - target: {fileID: -4216859302048453862, guid: 15de0256a5496d347b1ee81e4716ea69,
        type: 3}
      propertyPath: m_LocalEulerAnglesHint.z
      value: 0
      objectReference: {fileID: 0}
    - target: {fileID: -4216859302048453862, guid: 15de0256a5496d347b1ee81e4716ea69,
        type: 3}
      propertyPath: m_LocalScale.x
      value: 0.4
      objectReference: {fileID: 0}
    - target: {fileID: -4216859302048453862, guid: 15de0256a5496d347b1ee81e4716ea69,
        type: 3}
      propertyPath: m_LocalScale.y
      value: 0.4
      objectReference: {fileID: 0}
    - target: {fileID: -4216859302048453862, guid: 15de0256a5496d347b1ee81e4716ea69,
        type: 3}
      propertyPath: m_LocalScale.z
      value: 0.4
      objectReference: {fileID: 0}
    - target: {fileID: -927199367670048503, guid: 15de0256a5496d347b1ee81e4716ea69,
        type: 3}
      propertyPath: m_Name
      value: broom
      objectReference: {fileID: 0}
    - target: {fileID: -927199367670048503, guid: 15de0256a5496d347b1ee81e4716ea69,
        type: 3}
      propertyPath: m_IsActive
      value: 0
      objectReference: {fileID: 0}
    m_RemovedComponents: []
  m_SourcePrefab: {fileID: 100100000, guid: 15de0256a5496d347b1ee81e4716ea69, type: 3}
--- !u!4 &1847833465853133890 stripped
Transform:
  m_CorrespondingSourceObject: {fileID: -4216859302048453862, guid: 15de0256a5496d347b1ee81e4716ea69,
    type: 3}
  m_PrefabInstance: {fileID: 6691898734954475352}
  m_PrefabAsset: {fileID: 0}
